@inproceedings{jia2015guiding,
  title={Guiding the long-short term memory model for image caption generation},
  author={Jia, Xu and Gavves, Efstratios and Fernando, Basura and Tuytelaars, Tinne},
  booktitle={Proceedings of the IEEE International Conference on Computer Vision},
  pages={2407--2415},
  year={2015}
}

@inproceedings{vinyals2015show,
  title={Show and tell: A neural image caption generator},
  author={Vinyals, Oriol and Toshev, Alexander and Bengio, Samy and Erhan, Dumitru},
  booktitle={Proceedings of the IEEE Conference on Computer Vision and Pattern Recognition},
  pages={3156--3164},
  year={2015}
}

@inproceedings{ren2015exploring,
  title={Exploring models and data for image question answering},
  author={Ren, Mengye and Kiros, Ryan and Zemel, Richard},
  booktitle={Advances in Neural Information Processing Systems},
  pages={2953--2961},
  year={2015}
}

@inproceedings{yao2015describing,
  title={Describing videos by exploiting temporal structure},
  author={Yao, Li and Torabi, Atousa and Cho, Kyunghyun and Ballas, Nicolas and Pal, Christopher and Larochelle, Hugo and Courville, Aaron},
  booktitle={Proceedings of the IEEE international conference on computer vision},
  pages={4507--4515},
  year={2015}
}

@article{kulkarni2013babytalk,
  title={Babytalk: Understanding and generating simple image descriptions},
  author={Kulkarni, Girish and Premraj, Visruth and Ordonez, Vicente and Dhar, Sagnik and Li, Siming and Choi, Yejin and Berg, Alexander C and Berg, Tamara L},
  journal={IEEE Transactions on Pattern Analysis and Machine Intelligence},
  volume={35},
  number={12},
  pages={2891--2903},
  year={2013},
  publisher={IEEE}
}


@inproceedings{szegedy2016rethinking,
  title={Rethinking the inception architecture for computer vision},
  author={Szegedy, Christian and Vanhoucke, Vincent and Ioffe, Sergey and Shlens, Jon and Wojna, Zbigniew},
  booktitle={Proceedings of the IEEE Conference on Computer Vision and Pattern Recognition},
  pages={2818--2826},
  year={2016}
}

@online{TF,
  author = {Google},
  title = {{Tensorflow} Tensorflow API},
  year = 2017,
  url = {https://www.tensorflow.org/},
  urldate = {2017-04-11}
}

@online{ImNet,
  author = {ImageNet},
  title = {{ImageNet} ImageNet 2012},
  year = 2012,
  url = {http://www.image-net.org/challenges/LSVRC/2012/},
  urldate = {2017-04-11}
}

@inproceedings{ciliberto2011reexamining,
  title={Reexamining lucas-kanade method for real-time independent motion detection: Application to the icub humanoid robot},
  author={Ciliberto, Carlo and Pattacini, Ugo and Natale, Lorenzo and Nori, Francesco and Metta, Giorgio},
  booktitle={Intelligent Robots and Systems (IROS), 2011 IEEE/RSJ International Conference on},
  pages={4154--4160},
  year={2011},
  organization={IEEE}
}

@inproceedings{wang2011action,
  title={Action recognition by dense trajectories},
  author={Wang, Heng and Kl{\"a}ser, Alexander and Schmid, Cordelia and Liu, Cheng-Lin},
  booktitle={Computer Vision and Pattern Recognition (CVPR), 2011 IEEE Conference on},
  pages={3169--3176},
  year={2011},
  organization={IEEE}
}

@article{lebret2015phrase,
  title={Phrase-based image captioning},
  author={Lebret, R{\'e}mi and Pinheiro, Pedro O and Collobert, Ronan},
  journal={arXiv preprint arXiv:1502.03671},
  year={2015}
}

@inproceedings{rohrbach2014coherent,
  title={Coherent multi-sentence video description with variable level of detail},
  author={Rohrbach, Anna and Rohrbach, Marcus and Qiu, Wei and Friedrich, Annemarie and Pinkal, Manfred and Schiele, Bernt},
  booktitle={German Conference on Pattern Recognition},
  pages={184--195},
  year={2014},
  organization={Springer}
}

@inproceedings{rohrbach15cvpr,
 title={A Dataset for Movie Description},
 author={Rohrbach, Anna and Rohrbach, Marcus and Tandon, Niket and Schiele, Bernt},
 booktitle={Proceedings of the IEEE Conference on Computer Vision and Pattern Recognition (CVPR)},
 year={2015}}
 
 @article{lsmdc,
title={Movie Description},
author = {Rohrbach, Anna and Torabi, Atousa and Rohrbach, Marcus and Tandon, Niket and Pal, Chris and Larochelle, Hugo and Courville, Aaron and Schiele, Bernt},
journal={International Journal of Computer Vision},
year = {2017},
url = {http://resources.mpi-inf.mpg.de/publications/D1/2016/2310198.pdf}}

@inproceedings{rohrbach15gcpr,
 title={The Long-Short Story of Movie Description},
 author={Rohrbach, Anna and Rohrbach, Marcus and Schiele, Bernt},
 booktitle={German Conference on Pattern Recognition (GCPR)},
 year={2015}}
 
 @article{salway2007corpus,
  title={A corpus-based analysis of audio description},
  author={Salway, Andrew},
  journal={Media for all: Subtitling for the deaf, audio description and sign language},
  volume={1},
  number={2},
  pages={3},
  year={2007},
  publisher={Rodopi Amsterdam}
}

@article{hodosh2013framing,
  title={Framing image description as a ranking task: Data, models and evaluation metrics},
  author={Hodosh, Micah and Young, Peter and Hockenmaier, Julia},
  journal={Journal of Artificial Intelligence Research},
  volume={47},
  pages={853--899},
  year={2013}
}

@article{socher2014grounded,
  title={Grounded compositional semantics for finding and describing images with sentences},
  author={Socher, Richard and Karpathy, Andrej and Le, Quoc V and Manning, Christopher D and Ng, Andrew Y},
  journal={Transactions of the Association for Computational Linguistics},
  volume={2},
  pages={207--218},
  year={2014}
}

@article{chung2014empirical,
  title={Empirical evaluation of gated recurrent neural networks on sequence modeling},
  author={Chung, Junyoung and Gulcehre, Caglar and Cho, KyungHyun and Bengio, Yoshua},
  journal={arXiv preprint arXiv:1412.3555},
  year={2014}
}

@article{hochreiter1997long,
  title={Long short-term memory},
  author={Hochreiter, Sepp and Schmidhuber, J{\"u}rgen},
  journal={Neural computation},
  volume={9},
  number={8},
  pages={1735--1780},
  year={1997},
  publisher={MIT Press}
}

@article{greff2016lstm,
  title={LSTM: A search space odyssey},
  author={Greff, Klaus and Srivastava, Rupesh K and Koutn{\'\i}k, Jan and Steunebrink, Bas R and Schmidhuber, J{\"u}rgen},
  journal={IEEE transactions on neural networks and learning systems},
  year={2016},
  publisher={IEEE}
}


@inproceedings{papineni2002bleu,
  title={BLEU: a method for automatic evaluation of machine translation},
  author={Papineni, Kishore and Roukos, Salim and Ward, Todd and Zhu, Wei-Jing},
  booktitle={Proceedings of the 40th annual meeting on association for computational linguistics},
  pages={311--318},
  year={2002},
  organization={Association for Computational Linguistics}
}

@inproceedings{vedantam2015cider,
  title={Cider: Consensus-based image description evaluation},
  author={Vedantam, Ramakrishna and Lawrence Zitnick, C and Parikh, Devi},
  booktitle={Proceedings of the IEEE Conference on Computer Vision and Pattern Recognition},
  pages={4566--4575},
  year={2015}
}

@article{lavie2014meteor,
  title={Meteor universal: Language specific translation evaluation for any target language},
  author={Lavie, Michael Denkowski Alon},
  journal={ACL 2014},
  pages={376},
  year={2014}
}

@inproceedings{mikolov2013distributed,
  title={Distributed representations of words and phrases and their compositionality},
  author={Mikolov, Tomas and Sutskever, Ilya and Chen, Kai and Corrado, Greg S and Dean, Jeff},
  booktitle={Advances in neural information processing systems},
  pages={3111--3119},
  year={2013}
}

@inproceedings{donahue2015long,
  title={Long-term recurrent convolutional networks for visual recognition and description},
  author={Donahue, Jeffrey and Anne Hendricks, Lisa and Guadarrama, Sergio and Rohrbach, Marcus and Venugopalan, Subhashini and Saenko, Kate and Darrell, Trevor},
  booktitle={Proceedings of the IEEE conference on computer vision and pattern recognition},
  pages={2625--2634},
  year={2015}
}

@article{hori2017attention,
  title={Attention-based multimodal fusion for video description},
  author={Hori, Chiori and Hori, Takaaki and Lee, Teng-Yok and Sumi, Kazuhiro and Hershey, John R and Marks, Tim K},
  journal={arXiv preprint arXiv:1701.03126},
  year={2017}
}

@article{yao2015video,
  title={Video description generation incorporating spatio-temporal features and a soft-attention mechanism},
  author={Yao, Li and Torabi, Atousa and Cho, Kyunghyun and Ballas, Nicolas and Pal, Christopher and Larochelle, Hugo and Courville, Aaron},
  journal={arXiv preprint arXiv:1502.08029},
  year={2015},
  publisher={CoRR}
}

@article{venugopalan2014translating,
  title={Translating videos to natural language using deep recurrent neural networks},
  author={Venugopalan, Subhashini and Xu, Huijuan and Donahue, Jeff and Rohrbach, Marcus and Mooney, Raymond and Saenko, Kate},
  journal={arXiv preprint arXiv:1412.4729},
  year={2014}
}

@inproceedings{rohrbach2013translating,
  title={Translating video content to natural language descriptions},
  author={Rohrbach, Marcus and Qiu, Wei and Titov, Ivan and Thater, Stefan and Pinkal, Manfred and Schiele, Bernt},
  booktitle={Proceedings of the IEEE International Conference on Computer Vision},
  pages={433--440},
  year={2013}
}

@inproceedings{dalal2006human,
  title={Human detection using oriented histograms of flow and appearance},
  author={Dalal, Navneet and Triggs, Bill and Schmid, Cordelia},
  booktitle={European conference on computer vision},
  pages={428--441},
  year={2006},
  organization={Springer}
}
@inproceedings{wang2009evaluation,
  title={Evaluation of local spatio-temporal features for action recognition},
  author={Wang, Heng and Ullah, Muhammad Muneeb and Klaser, Alexander and Laptev, Ivan and Schmid, Cordelia},
  booktitle={BMVC 2009-British Machine Vision Conference},
  pages={124--1},
  year={2009},
  organization={BMVA Press}
}

@inproceedings{graves2006connectionist,
  title={Connectionist temporal classification: labelling unsegmented sequence data with recurrent neural networks},
  author={Graves, Alex and Fern{\'a}ndez, Santiago and Gomez, Faustino and Schmidhuber, J{\"u}rgen},
  booktitle={Proceedings of the 23rd international conference on Machine learning},
  pages={369--376},
  year={2006},
  organization={ACM}
}
@inproceedings{graves2013speech,
  title={Speech recognition with deep recurrent neural networks},
  author={Graves, Alex and Mohamed, Abdel-rahman and Hinton, Geoffrey},
  booktitle={Acoustics, speech and signal processing (icassp), 2013 ieee international conference on},
  pages={6645--6649},
  year={2013},
  organization={IEEE}
}

@inproceedings{huang2016connectionist,
  title={Connectionist temporal modeling for weakly supervised action labeling},
  author={Huang, De-An and Fei-Fei, Li and Niebles, Juan Carlos},
  booktitle={European Conference on Computer Vision},
  pages={137--153},
  year={2016},
  organization={Springer}
}

@inproceedings{Kuehne12,
   author= "Kuehne, H. and Arslan, A. B. and Serre, T.",
   title = {The Language of Actions: Recovering the Syntax and Semantics of Goal-Directed Human Activities},
   booktitle = {Proceedings of Computer Vision and Pattern Recognition Conference (CVPR)},
   year = {2014}
}
@inproceedings{rohrbach2012database,
  title={A database for fine grained activity detection of cooking activities},
  author={Rohrbach, Marcus and Amin, Sikandar and Andriluka, Mykhaylo and Schiele, Bernt},
  booktitle={Computer Vision and Pattern Recognition (CVPR), 2012 IEEE Conference on},
  pages={1194--1201},
  year={2012},
  organization={IEEE}
}

@inproceedings{marszalek09,
    author = {Marcin Marsza{\l}ek and Ivan Laptev and Cordelia Schmid},
    title = {Actions in Context},
    booktitle = {IEEE Conference on Computer Vision \& Pattern Recognition},
    year = {2009}
}

@article{reed2016generative,
  title={Generative adversarial text to image synthesis},
  author={Reed, Scott and Akata, Zeynep and Yan, Xinchen and Logeswaran, Lajanugen and Schiele, Bernt and Lee, Honglak},
  journal={arXiv preprint arXiv:1605.05396},
  year={2016}
}

@inproceedings{ordonez2011im2text,
  title={Im2text: Describing images using 1 million captioned photographs},
  author={Ordonez, Vicente and Kulkarni, Girish and Berg, Tamara L},
  booktitle={Advances in neural information processing systems},
  pages={1143--1151},
  year={2011}
}

@inproceedings{lin2014microsoft,
  title={Microsoft coco: Common objects in context},
  author={Lin, Tsung-Yi and Maire, Michael and Belongie, Serge and Hays, James and Perona, Pietro and Ramanan, Deva and Doll{\'a}r, Piotr and Zitnick, C Lawrence},
  booktitle={European conference on computer vision},
  pages={740--755},
  year={2014},
  organization={Springer}
}

@article{cangelosi2001adaptive,
  title={The adaptive advantage of symbolic theft over sensorimotor toil: Grounding language in perceptual categories},
  author={Cangelosi, Angelo and Harnad, Stevan},
  journal={Evolution of communication},
  volume={4},
  number={1},
  year={2001}
}

@article{lecun1998mnist,
  title={The MNIST database of handwritten digits},
  author={LeCun, Yann},
  journal={http://yann. lecun. com/exdb/mnist/},
  year={1998}
}

@inproceedings{hammami2010improved,
  title={Improved tree model for arabic speech recognition},
  author={Hammami, Nacereddine and Bedda, Mouldi},
  booktitle={2010 3rd International Conference on Computer Science and Information Technology},
  volume={5},
  pages={521--526},
  year={2010},
  organization={IEEE}
}

@inproceedings{hammami2009tree,
  title={Tree distribution classifier for automatic spoken arabic digit recognition},
  author={Hammami, Nacereddine and Sellam, Mokhtar},
  booktitle={2009 International Conference for Internet Technology and Secured Transactions,(ICITST)},
  pages={1--4},
  year={2009},
  organization={IEEE}
}

@article{barsalou2008grounded,
  title={Grounded cognition},
  author={Barsalou, Lawrence W},
  journal={Annu. Rev. Psychol.},
  volume={59},
  pages={617--645},
  year={2008},
  publisher={Annual Reviews}
}

@article{rosenblatt1958perceptron,
  title={The perceptron: a probabilistic model for information storage and organization in the brain.},
  author={Rosenblatt, Frank},
  journal={Psychological review},
  volume={65},
  number={6},
  pages={386},
  year={1958},
  publisher={American Psychological Association}
}


@article{sheppardtowards,
  title={Towards Life Long Learning: Multimodal Learning of MNIST Handwritten Digits},
  author={Sheppard, Eli and Lehmann, Hagen and Rajendran, G and McKenna, Peter E and Lemon, Oliver and Lohan, Katrin S},
  year={2018},
  journal={IEEE ICDL EPIROB 2018 Workshop on Life Long Learning}
}