@article{yurovsky2013statistical,
  title={Statistical word learning at scale: The baby's view is better},
  author={Yurovsky, Daniel and Smith, Linda B and Yu, Chen},
  journal={Developmental science},
  volume={16},
  number={6},
  pages={959--966},
  year={2013},
  publisher={Wiley Online Library}
}

@article{smith2008infants,
  title={Infants rapidly learn word-referent mappings via cross-situational statistics},
  author={Smith, Linda and Yu, Chen},
  journal={Cognition},
  volume={106},
  number={3},
  pages={1558--1568},
  year={2008},
  publisher={Elsevier}
}
@inproceedings{jia2015guiding,
  title={Guiding the long-short term memory model for image caption generation},
  author={Jia, Xu and Gavves, Efstratios and Fernando, Basura and Tuytelaars, Tinne},
  booktitle={Proceedings of the IEEE International Conference on Computer Vision},
  pages={2407--2415},
  year={2015}
}

@inproceedings{vinyals2015show,
  title={Show and tell: A neural image caption generator},
  author={Vinyals, Oriol and Toshev, Alexander and Bengio, Samy and Erhan, Dumitru},
  booktitle={Proceedings of the IEEE Conference on Computer Vision and Pattern Recognition},
  pages={3156--3164},
  year={2015}
}

@article{lebret2015phrase,
  title={Phrase-based image captioning},
  author={Lebret, R{\'e}mi and Pinheiro, Pedro O and Collobert, Ronan},
  journal={arXiv preprint arXiv:1502.03671},
  year={2015}
}

@inproceedings{zhu2017unpaired,
  title={Unpaired image-to-image translation using cycle-consistent adversarial networks},
  author={Zhu, Jun-Yan and Park, Taesung and Isola, Phillip and Efros, Alexei A},
  booktitle={Proceedings of the IEEE international conference on computer vision},
  pages={2223--2232},
  year={2017}
}

@article{mirza2014conditional,
  title={Conditional generative adversarial nets},
  author={Mirza, Mehdi and Osindero, Simon},
  journal={arXiv preprint arXiv:1411.1784},
  year={2014}
}

@inproceedings{donahue2015long,
  title={Long-term recurrent convolutional networks for visual recognition and description},
  author={Donahue, Jeffrey and Anne Hendricks, Lisa and Guadarrama, Sergio and Rohrbach, Marcus and Venugopalan, Subhashini and Saenko, Kate and Darrell, Trevor},
  booktitle={Proceedings of the IEEE conference on computer vision and pattern recognition},
  pages={2625--2634},
  year={2015}
}


@inproceedings{@inproceedings{rohrbach2014coherent,
  title={Coherent multi-sentence video description with variable level of detail},
  author={Rohrbach, Anna and Rohrbach, Marcus and Qiu, Wei and Friedrich, Annemarie and Pinkal, Manfred and Schiele, Bernt},
  booktitle={German conference on pattern recognition},
  pages={184--195},
  year={2014},
  organization={Springer}
}

@inproceedings{rohrbach2013translating,
  title={Translating video content to natural language descriptions},
  author={Rohrbach, Marcus and Qiu, Wei and Titov, Ivan and Thater, Stefan and Pinkal, Manfred and Schiele, Bernt},
  booktitle={Proceedings of the IEEE International Conference on Computer Vision},
  pages={433--440},
  year={2013}
}

@inproceedings{yao2015describing,
  title={Describing videos by exploiting temporal structure},
  author={Yao, Li and Torabi, Atousa and Cho, Kyunghyun and Ballas, Nicolas and Pal, Christopher and Larochelle, Hugo and Courville, Aaron},
  booktitle={Proceedings of the IEEE international conference on computer vision},
  pages={4507--4515},
  year={2015}
}

@article{yao2015video,
  title={Video description generation incorporating spatio-temporal features and a soft-attention mechanism},
  author={Yao, Li and Torabi, Atousa and Cho, Kyunghyun and Ballas, Nicolas and Pal, Christopher and Larochelle, Hugo and Courville, Aaron},
  journal={arXiv preprint arXiv:1502.08029},
  year={2015},
  publisher={CoRR}
}

@article{venugopalan2014translating,
  title={Translating videos to natural language using deep recurrent neural networks},
  author={Venugopalan, Subhashini and Xu, Huijuan and Donahue, Jeff and Rohrbach, Marcus and Mooney, Raymond and Saenko, Kate},
  journal={arXiv preprint arXiv:1412.4729},
  year={2014}
}

@inproceedings{ren2015exploring,
  title={Exploring models and data for image question answering},
  author={Ren, Mengye and Kiros, Ryan and Zemel, Richard},
  booktitle={Advances in Neural Information Processing Systems},
  pages={2953--2961},
  year={2015}
}


@article{kulkarni2013babytalk,
  title={Babytalk: Understanding and generating simple image descriptions},
  author={Kulkarni, Girish and Premraj, Visruth and Ordonez, Vicente and Dhar, Sagnik and Li, Siming and Choi, Yejin and Berg, Alexander C and Berg, Tamara L},
  journal={IEEE Transactions on Pattern Analysis and Machine Intelligence},
  volume={35},
  number={12},
  pages={2891--2903},
  year={2013},
  publisher={IEEE}
}

@inproceedings{lu2013speech,
  title={Speech enhancement based on deep denoising autoencoder.},
  author={Lu, Xugang and Tsao, Yu and Matsuda, Shigeki and Hori, Chiori},
  booktitle={Interspeech},
  pages={436--440},
  year={2013}
}


@online{TF,
  author = {Google},
  title = {{Tensorflow} Tensorflow API},
  year = 2017,
  url = {https://www.tensorflow.org/},
  urldate = {2017-04-11}
}

@online{ImNet,
  author = {ImageNet},
  title = {{ImageNet} ImageNet 2012},
  year = 2012,
  url = {http://www.image-net.org/challenges/LSVRC/2012/},
  urldate = {2017-04-11}
}

@inproceedings{ciliberto2011reexamining,
  title={Reexamining lucas-kanade method for real-time independent motion detection: Application to the icub humanoid robot},
  author={Ciliberto, Carlo and Pattacini, Ugo and Natale, Lorenzo and Nori, Francesco and Metta, Giorgio},
  booktitle={Intelligent Robots and Systems (IROS), 2011 IEEE/RSJ International Conference on},
  pages={4154--4160},
  year={2011},
  organization={IEEE}
}

@inproceedings{wang2011action,
  title={Action recognition by dense trajectories},
  author={Wang, Heng and Kl{\"a}ser, Alexander and Schmid, Cordelia and Liu, Cheng-Lin},
  booktitle={Computer Vision and Pattern Recognition (CVPR), 2011 IEEE Conference on},
  pages={3169--3176},
  year={2011},
  organization={IEEE}
}


@inproceedings{rohrbach2014coherent,
  title={Coherent multi-sentence video description with variable level of detail},
  author={Rohrbach, Anna and Rohrbach, Marcus and Qiu, Wei and Friedrich, Annemarie and Pinkal, Manfred and Schiele, Bernt},
  booktitle={German Conference on Pattern Recognition},
  pages={184--195},
  year={2014},
  organization={Springer}
}

@inproceedings{rohrbach15cvpr,
 title={A Dataset for Movie Description},
 author={Rohrbach, Anna and Rohrbach, Marcus and Tandon, Niket and Schiele, Bernt},
 booktitle={Proceedings of the IEEE Conference on Computer Vision and Pattern Recognition (CVPR)},
 year={2015}}
 
 @article{lsmdc,
title={Movie Description},
author = {Rohrbach, Anna and Torabi, Atousa and Rohrbach, Marcus and Tandon, Niket and Pal, Chris and Larochelle, Hugo and Courville, Aaron and Schiele, Bernt},
journal={International Journal of Computer Vision},
year = {2017},
url = {http://resources.mpi-inf.mpg.de/publications/D1/2016/2310198.pdf}}

@inproceedings{rohrbach15gcpr,
 title={The Long-Short Story of Movie Description},
 author={Rohrbach, Anna and Rohrbach, Marcus and Schiele, Bernt},
 booktitle={German Conference on Pattern Recognition (GCPR)},
 year={2015}}
 
 @article{salway2007corpus,
  title={A corpus-based analysis of audio description},
  author={Salway, Andrew},
  journal={Media for all: Subtitling for the deaf, audio description and sign language},
  volume={1},
  number={2},
  pages={3},
  year={2007},
  publisher={Rodopi Amsterdam}
}

@article{hodosh2013framing,
  title={Framing image description as a ranking task: Data, models and evaluation metrics},
  author={Hodosh, Micah and Young, Peter and Hockenmaier, Julia},
  journal={Journal of Artificial Intelligence Research},
  volume={47},
  pages={853--899},
  year={2013}
}

@article{socher2014grounded,
  title={Grounded compositional semantics for finding and describing images with sentences},
  author={Socher, Richard and Karpathy, Andrej and Le, Quoc V and Manning, Christopher D and Ng, Andrew Y},
  journal={Transactions of the Association for Computational Linguistics},
  volume={2},
  pages={207--218},
  year={2014}
}

@article{chung2014empirical,
  title={Empirical evaluation of gated recurrent neural networks on sequence modeling},
  author={Chung, Junyoung and Gulcehre, Caglar and Cho, KyungHyun and Bengio, Yoshua},
  journal={arXiv preprint arXiv:1412.3555},
  year={2014}
}

@article{hochreiter1997long,
  title={Long short-term memory},
  author={Hochreiter, Sepp and Schmidhuber, J{\"u}rgen},
  journal={Neural computation},
  volume={9},
  number={8},
  pages={1735--1780},
  year={1997},
  publisher={MIT Press}
}

@inproceedings{sutskever2014sequence,
  title={Sequence to sequence learning with neural networks},
  author={Sutskever, Ilya and Vinyals, Oriol and Le, Quoc V},
  booktitle={Advances in neural information processing systems},
  pages={3104--3112},
  year={2014}
}



@article{greff2016lstm,
  title={LSTM: A search space odyssey},
  author={Greff, Klaus and Srivastava, Rupesh K and Koutn{\'\i}k, Jan and Steunebrink, Bas R and Schmidhuber, J{\"u}rgen},
  journal={IEEE transactions on neural networks and learning systems},
  year={2016},
  publisher={IEEE}
}


@inproceedings{papineni2002bleu,
  title={BLEU: a method for automatic evaluation of machine translation},
  author={Papineni, Kishore and Roukos, Salim and Ward, Todd and Zhu, Wei-Jing},
  booktitle={Proceedings of the 40th annual meeting on association for computational linguistics},
  pages={311--318},
  year={2002},
  organization={Association for Computational Linguistics}
}

@inproceedings{vedantam2015cider,
  title={Cider: Consensus-based image description evaluation},
  author={Vedantam, Ramakrishna and Lawrence Zitnick, C and Parikh, Devi},
  booktitle={Proceedings of the IEEE Conference on Computer Vision and Pattern Recognition},
  pages={4566--4575},
  year={2015}
}

@article{lavie2014meteor,
  title={Meteor universal: Language specific translation evaluation for any target language},
  author={Lavie, Michael Denkowski Alon},
  journal={ACL 2014},
  pages={376},
  year={2014}
}

@inproceedings{mikolov2013distributed,
  title={Distributed representations of words and phrases and their compositionality},
  author={Mikolov, Tomas and Sutskever, Ilya and Chen, Kai and Corrado, Greg S and Dean, Jeff},
  booktitle={Advances in neural information processing systems},
  pages={3111--3119},
  year={2013}
}


@article{hori2017attention,
  title={Attention-based multimodal fusion for video description},
  author={Hori, Chiori and Hori, Takaaki and Lee, Teng-Yok and Sumi, Kazuhiro and Hershey, John R and Marks, Tim K},
  journal={arXiv preprint arXiv:1701.03126},
  year={2017}
}



@inproceedings{dalal2006human,
  title={Human detection using oriented histograms of flow and appearance},
  author={Dalal, Navneet and Triggs, Bill and Schmid, Cordelia},
  booktitle={European conference on computer vision},
  pages={428--441},
  year={2006},
  organization={Springer}
}
@inproceedings{wang2009evaluation,
  title={Evaluation of local spatio-temporal features for action recognition},
  author={Wang, Heng and Ullah, Muhammad Muneeb and Klaser, Alexander and Laptev, Ivan and Schmid, Cordelia},
  booktitle={BMVC 2009-British Machine Vision Conference},
  pages={124--1},
  year={2009},
  organization={BMVA Press}
}

@inproceedings{graves2006connectionist,
  title={Connectionist temporal classification: labelling unsegmented sequence data with recurrent neural networks},
  author={Graves, Alex and Fern{\'a}ndez, Santiago and Gomez, Faustino and Schmidhuber, J{\"u}rgen},
  booktitle={Proceedings of the 23rd international conference on Machine learning},
  pages={369--376},
  year={2006},
  organization={ACM}
}
@inproceedings{graves2013speech,
  title={Speech recognition with deep recurrent neural networks},
  author={Graves, Alex and Mohamed, Abdel-rahman and Hinton, Geoffrey},
  booktitle={Acoustics, speech and signal processing (icassp), 2013 ieee international conference on},
  pages={6645--6649},
  year={2013},
  organization={IEEE}
}

@inproceedings{huang2016connectionist,
  title={Connectionist temporal modeling for weakly supervised action labeling},
  author={Huang, De-An and Fei-Fei, Li and Niebles, Juan Carlos},
  booktitle={European Conference on Computer Vision},
  pages={137--153},
  year={2016},
  organization={Springer}
}

@inproceedings{Kuehne12,
   author= "Kuehne, H. and Arslan, A. B. and Serre, T.",
   title = {The Language of Actions: Recovering the Syntax and Semantics of Goal-Directed Human Activities},
   booktitle = {Proceedings of Computer Vision and Pattern Recognition Conference (CVPR)},
   year = {2014}
}
@inproceedings{rohrbach2012database,
  title={A database for fine grained activity detection of cooking activities},
  author={Rohrbach, Marcus and Amin, Sikandar and Andriluka, Mykhaylo and Schiele, Bernt},
  booktitle={Computer Vision and Pattern Recognition (CVPR), 2012 IEEE Conference on},
  pages={1194--1201},
  year={2012},
  organization={IEEE}
}

@inproceedings{johnson2016densecap,
  title={Densecap: Fully convolutional localization networks for dense captioning},
  author={Johnson, Justin and Karpathy, Andrej and Fei-Fei, Li},
  booktitle={Proceedings of the IEEE Conference on Computer Vision and Pattern Recognition},
  pages={4565--4574},
  year={2016}
}

@inproceedings{ordonez2011im2text,
  title={Im2text: Describing images using 1 million captioned photographs},
  author={Ordonez, Vicente and Kulkarni, Girish and Berg, Tamara L},
  booktitle={Advances in neural information processing systems},
  pages={1143--1151},
  year={2011}
}

@inproceedings{marszalek09,
    author = {Marcin Marsza{\l}ek and Ivan Laptev and Cordelia Schmid},
    title = {Actions in Context},
    booktitle = {IEEE Conference on Computer Vision \& Pattern Recognition},
    year = {2009}
}

@article{reed2016generative,
  title={Generative adversarial text to image synthesis},
  author={Reed, Scott and Akata, Zeynep and Yan, Xinchen and Logeswaran, Lajanugen and Schiele, Bernt and Lee, Honglak},
  journal={arXiv preprint arXiv:1605.05396},
  year={2016}
}


@article{radford2015unsupervised,
  title={Unsupervised representation learning with deep convolutional generative adversarial networks},
  author={Radford, Alec and Metz, Luke and Chintala, Soumith},
  journal={arXiv preprint arXiv:1511.06434},
  year={2015}
}

@inproceedings{lin2014microsoft,
  title={Microsoft coco: Common objects in context},
  author={Lin, Tsung-Yi and Maire, Michael and Belongie, Serge and Hays, James and Perona, Pietro and Ramanan, Deva and Doll{\'a}r, Piotr and Zitnick, C Lawrence},
  booktitle={European conference on computer vision},
  pages={740--755},
  year={2014},
  organization={Springer}
}

@article{cangelosi2001adaptive,
  title={The adaptive advantage of symbolic theft over sensorimotor toil: Grounding language in perceptual categories},
  author={Cangelosi, Angelo and Harnad, Stevan},
  journal={Evolution of communication},
  volume={4},
  number={1},
  year={2001}
}

@article{lecun1998mnist,
  title={The MNIST database of handwritten digits},
  author={LeCun, Yann},
  journal={http://yann. lecun. com/exdb/mnist/},
  year={1998}
}

@inproceedings{hammami2010improved,
  title={Improved tree model for arabic speech recognition},
  author={Hammami, Nacereddine and Bedda, Mouldi},
  booktitle={2010 3rd International Conference on Computer Science and Information Technology},
  volume={5},
  pages={521--526},
  year={2010},
  organization={IEEE}
}

@inproceedings{hammami2009tree,
  title={Tree distribution classifier for automatic spoken arabic digit recognition},
  author={Hammami, Nacereddine and Sellam, Mokhtar},
  booktitle={2009 International Conference for Internet Technology and Secured Transactions,(ICITST)},
  pages={1--4},
  year={2009},
  organization={IEEE}
}

@article{barsalou2008grounded,
  title={Grounded cognition},
  author={Barsalou, Lawrence W},
  journal={Annu. Rev. Psychol.},
  volume={59},
  pages={617--645},
  year={2008},
  publisher={Annual Reviews}
}

@article{mcgurk1976hearing,
  title={Hearing lips and seeing voices},
  author={McGurk, Harry and MacDonald, John},
  journal={Nature},
  volume={264},
  number={5588},
  pages={746},
  year={1976},
  publisher={Nature Publishing Group}
}

@article{ma2009lip,
  title={Lip-reading aids word recognition most in moderate noise: a Bayesian explanation using high-dimensional feature space},
  author={Ma, Wei Ji and Zhou, Xiang and Ross, Lars A and Foxe, John J and Parra, Lucas C},
  journal={PLoS One},
  volume={4},
  number={3},
  pages={e4638},
  year={2009},
  publisher={Public Library of Science}
}

@article{samuel1997lexical,
  title={Lexical activation produces potent phonemic percepts},
  author={Samuel, Arthur G},
  journal={Cognitive psychology},
  volume={32},
  number={2},
  pages={97--127},
  year={1997},
  publisher={Elsevier}
}

@inproceedings{ngiam2011multimodal,
  title={Multimodal deep learning},
  author={Ngiam, Jiquan and Khosla, Aditya and Kim, Mingyu and Nam, Juhan and Lee, Honglak and Ng, Andrew Y},
  booktitle={Proceedings of the 28th international conference on machine learning (ICML-11)},
  pages={689--696},
  year={2011}
}

@inproceedings{silberer2014learning,
  title={Learning grounded meaning representations with autoencoders},
  author={Silberer, Carina and Lapata, Mirella},
  booktitle={Proceedings of the 52nd Annual Meeting of the Association for Computational Linguistics (Volume 1: Long Papers)},
  volume={1},
  pages={721--732},
  year={2014}
}

@article{vincent2010stacked,
  title={Stacked denoising autoencoders: Learning useful representations in a deep network with a local denoising criterion},
  author={Vincent, Pascal and Larochelle, Hugo and Lajoie, Isabelle and Bengio, Yoshua and Manzagol, Pierre-Antoine},
  journal={Journal of machine learning research},
  volume={11},
  number={Dec},
  pages={3371--3408},
  year={2010}
}

@article{chorowski2019unsupervised,
  title={Unsupervised speech representation learning using wavenet autoencoders},
  author={Chorowski, Jan and Weiss, Ron J and Bengio, Samy and Oord, A{\"a}ron van den},
  journal={arXiv preprint arXiv:1901.08810},
  year={2019}
}

@article{rosenblatt1958perceptron,
  title={The perceptron: a probabilistic model for information storage and organization in the brain.},
  author={Rosenblatt, Frank},
  journal={Psychological review},
  volume={65},
  number={6},
  pages={386},
  year={1958},
  publisher={American Psychological Association}
}


@article{sheppardtowards,
  title={Towards Life Long Learning: Multimodal Learning of MNIST Handwritten Digits},
  author={Sheppard, Eli and Lehmann, Hagen and Rajendran, G and McKenna, Peter E and Lemon, Oliver and Lohan, Katrin S},
  year={2018},
  journal={IEEE ICDL EPIROB 2018 Workshop on Life Long Learning}
}

@article{kingma2014adam,
  title={Adam: A method for stochastic optimization},
  author={Kingma, Diederik P and Ba, Jimmy},
  journal={arXiv preprint arXiv:1412.6980},
  year={2014}
}

@inproceedings{senior2013empirical,
  title={An empirical study of learning rates in deep neural networks for speech recognition},
  author={Senior, Andrew and Heigold, Georg and Yang, Ke and others},
  booktitle={2013 IEEE international conference on acoustics, speech and signal processing},
  pages={6724--6728},
  year={2013},
  organization={IEEE}
}

@article{zeiler2012adadelta,
  title={ADADELTA: an adaptive learning rate method},
  author={Zeiler, Matthew D},
  journal={arXiv preprint arXiv:1212.5701},
  year={2012}
}

@inproceedings{zeiler2010deconvolutional,
  title={Deconvolutional networks},
  author={Zeiler, Matthew D and Krishnan, Dilip and Taylor, Graham W and Fergus, Rob},
  booktitle={2010 IEEE Computer Society Conference on computer vision and pattern recognition},
  pages={2528--2535},
  year={2010},
  organization={IEEE}
}



@article{mikolov2013efficient,
  title={Efficient estimation of word representations in vector space},
  author={Mikolov, Tomas and Chen, Kai and Corrado, Greg and Dean, Jeffrey},
  journal={arXiv preprint arXiv:1301.3781},
  year={2013}
}

@inproceedings{mikolov2013linguistic,
  title={Linguistic regularities in continuous space word representations},
  author={Mikolov, Tomas and Yih, Wen-tau and Zweig, Geoffrey},
  booktitle={Proceedings of the 2013 Conference of the North American Chapter of the Association for Computational Linguistics: Human Language Technologies},
  pages={746--751},
  year={2013}
}

@inproceedings{feng2010visual,
  title={Visual information in semantic representation},
  author={Feng, Yansong and Lapata, Mirella},
  booktitle={Human Language Technologies: The 2010 Annual Conference of the North American Chapter of the Association for Computational Linguistics},
  pages={91--99},
  year={2010},
  organization={Association for Computational Linguistics}
}

@article{eslami2018neural,
  title={Neural scene representation and rendering},
  author={Eslami, SM Ali and Rezende, Danilo Jimenez and Besse, Frederic and Viola, Fabio and Morcos, Ari S and Garnelo, Marta and Ruderman, Avraham and Rusu, Andrei A and Danihelka, Ivo and Gregor, Karol and others},
  journal={Science},
  volume={360},
  number={6394},
  pages={1204--1210},
  year={2018},
  publisher={American Association for the Advancement of Science}
}

@inproceedings{donahue2019large,
  title={Large scale adversarial representation learning},
  author={Donahue, Jeff and Simonyan, Karen},
  booktitle={Advances in Neural Information Processing Systems},
  pages={10541--10551},
  year={2019}
}

@inproceedings{nguyen2015deep,
  title={Deep neural networks are easily fooled: High confidence predictions for unrecognizable images},
  author={Nguyen, Anh and Yosinski, Jason and Clune, Jeff},
  booktitle={Proceedings of the IEEE conference on computer vision and pattern recognition},
  pages={427--436},
  year={2015}
}

@inproceedings{keller2016analysis,
  title={Analysis of illumination robustness in long-term object learning},
  author={Keller, Ingo and Lohan, Katrin Solveig},
  booktitle={2016 25th IEEE International Symposium on Robot and Human Interactive Communication (RO-MAN)},
  pages={240--245},
  year={2016},
  organization={IEEE}
}

@Article{keller,
  author   = {Keller, Ingo and Lohan, Katrin S},
  title    = {{On the Illumination Influence for Object Learning on Robot Companions}},
  journal  = {Frontiers in Robotics and AI,(in press)},
  pages    = {1--17},
  year     = {2019},
  keywords = {data augmentation,human-robot interaction,long-term engagement,object learning,visual perception},
}


@article{schillingmann2009computational,
  title={A computational model of acoustic packaging},
  author={Schillingmann, Lars and Wrede, Britta and Rohlfing, Katharina J},
  journal={IEEE Transactions on Autonomous Mental Development},
  volume={1},
  number={4},
  pages={226--237},
  year={2009},
  publisher={IEEE}
}
@inproceedings{schillingmann2009towards,
  title={Towards a computational model of acoustic packaging},
  author={Schillingmann, Lars and Wrede, Britta and Rohlfing, Katharina},
  booktitle={Development and Learning, 2009. ICDL 2009. IEEE 8th International Conference on},
  pages={1--6},
  year={2009},
  organization={IEEE}
}


@article{dumoulin2016guide,
  title={A guide to convolution arithmetic for deep learning},
  author={Dumoulin, Vincent and Visin, Francesco},
  journal={arXiv preprint arXiv:1603.07285},
  year={2016}
}

@article{vinyals2019alphastar,
  title={AlphaStar: Mastering the real-time strategy game StarCraft II},
  author={Vinyals, Oriol and Babuschkin, Igor and Chung, Junyoung and Mathieu, Michael and Jaderberg, Max and Czarnecki, Wojciech M and Dudzik, Andrew and Huang, Aja and Georgiev, Petko and Powell, Richard and others},
  journal={DeepMind Blog},
  year={2019}
}

@article{mnih2013playing,
  title={Playing atari with deep reinforcement learning},
  author={Mnih, Volodymyr and Kavukcuoglu, Koray and Silver, David and Graves, Alex and Antonoglou, Ioannis and Wierstra, Daan and Riedmiller, Martin},
  journal={arXiv preprint arXiv:1312.5602},
  year={2013}
}

@article{lillicrap2015continuous,
  title={Continuous control with deep reinforcement learning},
  author={Lillicrap, Timothy P and Hunt, Jonathan J and Pritzel, Alexander and Heess, Nicolas and Erez, Tom and Tassa, Yuval and Silver, David and Wierstra, Daan},
  journal={arXiv preprint arXiv:1509.02971},
  year={2015}
}

@article{azar2019world,
  title={World Discovery Models},
  author={Azar, Mohammad Gheshlaghi and Piot, Bilal and Pires, Bernardo Avila and Grill, Jean-Bastian and Altch{\'e}, Florent and Munos, R{\'e}mi},
  journal={arXiv preprint arXiv:1902.07685},
  year={2019}
}


@inproceedings{krizhevsky2012imagenet,
  title={Imagenet classification with deep convolutional neural networks},
  author={Krizhevsky, Alex and Sutskever, Ilya and Hinton, Geoffrey E},
  booktitle={Advances in neural information processing systems},
  pages={1097--1105},
  year={2012}
}

@article{iandola2016squeezenet,
  title={SqueezeNet: AlexNet-level accuracy with 50x fewer parameters and< 0.5 MB model size},
  author={Iandola, Forrest N and Han, Song and Moskewicz, Matthew W and Ashraf, Khalid and Dally, William J and Keutzer, Kurt},
  journal={arXiv preprint arXiv:1602.07360},
  year={2016}
}

@inproceedings{he2016deep,
  title={Deep residual learning for image recognition},
  author={He, Kaiming and Zhang, Xiangyu and Ren, Shaoqing and Sun, Jian},
  booktitle={Proceedings of the IEEE conference on computer vision and pattern recognition},
  pages={770--778},
  year={2016}
}

@inproceedings{zoph2018learning,
  title={Learning transferable architectures for scalable image recognition},
  author={Zoph, Barret and Vasudevan, Vijay and Shlens, Jonathon and Le, Quoc V},
  booktitle={Proceedings of the IEEE conference on computer vision and pattern recognition},
  pages={8697--8710},
  year={2018}
}

@inproceedings{amodei2016deep,
  title={Deep speech 2: End-to-end speech recognition in english and mandarin},
  author={Amodei, Dario and Ananthanarayanan, Sundaram and Anubhai, Rishita and Bai, Jingliang and Battenberg, Eric and Case, Carl and Casper, Jared and Catanzaro, Bryan and Cheng, Qiang and Chen, Guoliang and others},
  booktitle={International conference on machine learning},
  pages={173--182},
  year={2016}
}

@inproceedings{mahesh2018probabilistic,
  title={Probabilistic detection of extreme weather using deep learning methods},
  author={Mahesh, Ankur and O'Brien, TA and Collins, William Drew and Wehner, Michael F and Prabhat, Mr and Kashinath, Karthik and Mudigonda, Mayur},
  booktitle={AGU Fall Meeting Abstracts},
  year={2018}
}

@article{bouktif2018optimal,
  title={Optimal deep learning lstm model for electric load forecasting using feature selection and genetic algorithm: Comparison with machine learning approaches},
  author={Bouktif, Salah and Fiaz, Ali and Ouni, Ali and Serhani, Mohamed},
  journal={Energies},
  volume={11},
  number={7},
  pages={1636},
  year={2018},
  publisher={Multidisciplinary Digital Publishing Institute}
}

@article{fischer2018deep,
  title={Deep learning with long short-term memory networks for financial market predictions},
  author={Fischer, Thomas and Krauss, Christopher},
  journal={European Journal of Operational Research},
  volume={270},
  number={2},
  pages={654--669},
  year={2018},
  publisher={Elsevier}
}


@inproceedings{chen2016zero,
  title={Zero-shot learning of intent embeddings for expansion by convolutional deep structured semantic models},
  author={Chen, Yun-Nung and Hakkani-T{\"u}r, Dilek and He, Xiaodong},
  booktitle={2016 IEEE International Conference on Acoustics, Speech and Signal Processing (ICASSP)},
  pages={6045--6049},
  year={2016},
  organization={IEEE}
}

@article{cho2014learning,
  title={Learning phrase representations using RNN encoder-decoder for statistical machine translation},
  author={Cho, Kyunghyun and Van Merri{\"e}nboer, Bart and Gulcehre, Caglar and Bahdanau, Dzmitry and Bougares, Fethi and Schwenk, Holger and Bengio, Yoshua},
  journal={arXiv preprint arXiv:1406.1078},
  year={2014}
}

@article{ma2004facial,
  title={Facial expression recognition using constructive feedforward neural networks},
  author={Ma, Liying and Khorasani, Khashayar},
  journal={IEEE Transactions on Systems, Man, and Cybernetics, Part B (Cybernetics)},
  volume={34},
  number={3},
  pages={1588--1595},
  year={2004},
  publisher={IEEE}
}

@inproceedings{levi2015emotion,
  title={Emotion recognition in the wild via convolutional neural networks and mapped binary patterns},
  author={Levi, Gil and Hassner, Tal},
  booktitle={Proceedings of the 2015 ACM on international conference on multimodal interaction},
  pages={503--510},
  year={2015},
  organization={ACM}
}

@article{kussul2017deep,
  title={Deep learning classification of land cover and crop types using remote sensing data},
  author={Kussul, Nataliia and Lavreniuk, Mykola and Skakun, Sergii and Shelestov, Andrii},
  journal={IEEE Geoscience and Remote Sensing Letters},
  volume={14},
  number={5},
  pages={778--782},
  year={2017},
  publisher={IEEE}
}

@inproceedings{qi2017pointnet,
  title={Pointnet: Deep learning on point sets for 3d classification and segmentation},
  author={Qi, Charles R and Su, Hao and Mo, Kaichun and Guibas, Leonidas J},
  booktitle={Proceedings of the IEEE Conference on Computer Vision and Pattern Recognition},
  pages={652--660},
  year={2017}
}

@inproceedings{liu2015very,
  title={Very deep convolutional neural network based image classification using small training sample size},
  author={Liu, Shuying and Deng, Weihong},
  booktitle={2015 3rd IAPR Asian conference on pattern recognition (ACPR)},
  pages={730--734},
  year={2015},
  organization={IEEE}
}

@article{simonyan2014very,
  title={Very deep convolutional networks for large-scale image recognition},
  author={Simonyan, Karen and Zisserman, Andrew},
  journal={arXiv preprint arXiv:1409.1556},
  year={2014}
}

@article{springenberg2014striving,
  title={Striving for simplicity: The all convolutional net},
  author={Springenberg, Jost Tobias and Dosovitskiy, Alexey and Brox, Thomas and Riedmiller, Martin},
  journal={arXiv preprint arXiv:1412.6806},
  year={2014}
}

@article{srivastava2014dropout,
  title={Dropout: a simple way to prevent neural networks from overfitting},
  author={Srivastava, Nitish and Hinton, Geoffrey and Krizhevsky, Alex and Sutskever, Ilya and Salakhutdinov, Ruslan},
  journal={The journal of machine learning research},
  volume={15},
  number={1},
  pages={1929--1958},
  year={2014},
  publisher={JMLR. org}
}

%inception
@inproceedings{szegedy2017inception,
  title={Inception-v4, inception-resnet and the impact of residual connections on learning},
  author={Szegedy, Christian and Ioffe, Sergey and Vanhoucke, Vincent and Alemi, Alexander A},
  booktitle={Thirty-First AAAI Conference on Artificial Intelligence},
  year={2017}
}

@inproceedings{szegedy2016rethinking,
  title={Rethinking the inception architecture for computer vision},
  author={Szegedy, Christian and Vanhoucke, Vincent and Ioffe, Sergey and Shlens, Jon and Wojna, Zbigniew},
  booktitle={Proceedings of the IEEE conference on computer vision and pattern recognition},
  pages={2818--2826},
  year={2016}
}

@inproceedings{szegedy2015going,
  title={Going deeper with convolutions},
  author={Szegedy, Christian and Liu, Wei and Jia, Yangqing and Sermanet, Pierre and Reed, Scott and Anguelov, Dragomir and Erhan, Dumitru and Vanhoucke, Vincent and Rabinovich, Andrew},
  booktitle={Proceedings of the IEEE conference on computer vision and pattern recognition},
  pages={1--9},
  year={2015}
}

@article{hochreiter1998vanishing,
  title={The vanishing gradient problem during learning recurrent neural nets and problem solutions},
  author={Hochreiter, Sepp},
  journal={International Journal of Uncertainty, Fuzziness and Knowledge-Based Systems},
  volume={6},
  number={02},
  pages={107--116},
  year={1998},
  publisher={World Scientific}
}


@inproceedings{huang2017densely,
  title={Densely connected convolutional networks},
  author={Huang, Gao and Liu, Zhuang and Van Der Maaten, Laurens and Weinberger, Kilian Q},
  booktitle={Proceedings of the IEEE conference on computer vision and pattern recognition},
  pages={4700--4708},
  year={2017}
}

@inproceedings{cangelosi2008italk,
  title={The italk project: Integration and transfer of action and language knowledge in robots},
  author={Cangelosi, Angelo and Belpaeme, Tony and Sandini, Giulio and Metta, Giorgio and Fadiga, Luciano and Sagerer, Gerhard and Rohlfing, Katherina and Wrede, Britta and Nolfi, Stefano and Parisi, Domenico and others},
  booktitle={Proceedings of Third ACM/IEEE International Conference on Human Robot Interaction (HRI 2008)},
  volume={12},
  pages={15},
  year={2008}
}

@article{broz2014italk,
  title={The ITALK project: A developmental robotics approach to the study of individual, social, and linguistic learning},
  author={Broz, Frank and Nehaniv, Chrystopher L and Belpaeme, Tony and Bisio, Ambra and Dautenhahn, Kerstin and Fadiga, Luciano and Ferrauto, Tomassino and Fischer, Kerstin and F{\"o}rster, Frank and Gigliotta, Onofrio and others},
  journal={Topics in cognitive science},
  volume={6},
  number={3},
  pages={534--544},
  year={2014},
  publisher={Wiley Online Library}
}

@inproceedings{odena2017conditional,
  title={Conditional image synthesis with auxiliary classifier gans},
  author={Odena, Augustus and Olah, Christopher and Shlens, Jonathon},
  booktitle={Proceedings of the 34th International Conference on Machine Learning-Volume 70},
  pages={2642--2651},
  year={2017},
  organization={JMLR. org}
}

